@manual{oetiket2007lshort,
    author = {Oetiket, T. and Partl, H. and Hyna and Schlegl, E.},
    title = {The not-so-short introduction to Latex},
    url = {http://www.ctan.org/tex-archive/info/lshort/english/lshort.pdf}
}

@Manual{downes2002shortams,
  title = 	 {{Short Math Guide for \LaTeX{}}},
  author = 	 {Downes,, Michael},
  organization = {American Mathematical Society},
  year = 	 {2002},
  url = 	 {ftp://ftp.ams.org/pub/tex/doc/amsmath/short-math-guide.pdf}
}

@Book{ungar2002uvod,
  author = 	 {Šime Ungar},
  title = 	 {{Uvod u \TeX{} s naglaskom na \LaTeX 2$\epsilon$}},
  publisher = 	 {Odjel za matematiku, Sveučilište J.J.\ Strossmayera u Osijeku},
  year = 	 {2002}
}


@article{rangel2013,
	author = "Francisco Rangel and Paolo Rosso",
	title = "Use of Language and Author Profiling: Identification of Gender and Age",
	year = "2013",
	journal = "Natural Language Processing and Cognitive Science"
}

@article{python,
	author = "Bird,S. and Loper,E. and Klein,E.",
	title = "Natural Language Processing with Python",
	year = "2009",
}

@article{notebook2015,
	author = "Octavia-Maria Sulea and Daniel Dichiue",
	title = Automatic Profiling of Twitter Users Based on Their Tweets",
	year = "2015",
	journal = "Notebook for PAN at CLEF 2015"
}

@article{rangle2015,
	author = "Rangel,F. and Rosso,P. and Potthast,M. and Stein,B. and Daelemans,W.",
	title = "Overview of the 3rd authorprofiling task at pan 2015",
	year = "2015"
}

@article{love2002,
	author = "Bradley C Love",
	title = "Comparing supervised and unsupervised category learning",
	year = "2002",
	journal = "Psycho-
	nomic bulletin and review"
}

@article{fradkin2006,
	author = "Dmitriy Fradkin and Ilya Muchnik",
	title = "Support vector machines for classification",
	year = "2006",
	journal = "DIMACS Series in Discrete Mathematics and Theoretical Computer Science"
}

@article{notebook2017,
	author = "Liliya  Akhtyamova and John Cardiff and Andrey Ignatov",
	title = "Twitter Author Profiling Using Word Embeddings and Logistic Regression",
	year = "2017",
	journal = "Notebook for PAN at CLEF 2017"
}


@article{word2vec,
	author = "Tomas Mikolov and Kai Chen and Greg Corrado and Jeffrey Dean",
	title = "Efficient Estimation of Word Representations in Vector Space",
	year = "2013"
}

@article{word2vec2,
	author = "Tomas Mikolov and Kai Chen and Ilya Sutskever and Greg Corrado and Jeffrey Dean",
	title = "Distributed representations of words and phrases and their compositionality",
	year = "2013",
	journal = "Advances in Neural Information Processing Systems"
}

@article{glove,
	author = "Alberto Abad and Alfosno Ortega and Antonio Teixeira and Mateo Carmen and Carlos Hinarejos and Fernando Perdigao and Nuno Mamede",
	year = "2016",
	journal = "Advances in Speech and Language Technologies for Iberian Languages: Third International Conference, IberSPEECH 2016, Lisbon, Portugal, November 23-25, 2016, Proceedings"
}

@article{kernel,
	author = "Sergios Theodoridis",
	year = "2008",
	journal = "Pattern Recognition"
}

@article{logistic,
	author = "David Hosmer and Stanley Lemeshow",
	year = "2000",
	title="Applied Logistic Regression (2nd ed)."
}

@article{stilometrija,
	author = "Shlomo Argamon and Kevin Burns and Shlomo Dubnov",
	year = "2010",
	title="The structure of style: algorithmic approaches to understanding manner and meaning."
}

@article{description_paper,
	author = "Francisco Rangel and Fabio Celli and Paolo Rosso and Martin Potthast and Benno Stein and Walter Daelemans",
	year = "2015",
	title="Overview of the 3rd Author Profiling Task at PAN 2015"
}

@article{svm_multiclass,
	author = "Duan Kai-Bo and Keerthi S.Sathiya",
	year = "2005",
	title="Which Is the Best Multiclass SVM method?",
	journal = "Multiple Classifier Systems"
}





